[gd_scene load_steps=19 format=2]

[ext_resource path="res://Scripts/Archer.gd" type="Script" id=1]
[ext_resource path="res://Assets/Sprites/HeroandOpponents_v1/5 Enemy/PNG/attack-A3.png" type="Texture" id=2]
[ext_resource path="res://Assets/Sprites/HeroandOpponents_v1/5 Enemy/PNG/attack-A6.png" type="Texture" id=3]
[ext_resource path="res://Assets/Sprites/HeroandOpponents_v1/5 Enemy/PNG/attack-A2.png" type="Texture" id=4]
[ext_resource path="res://Assets/Sprites/HeroandOpponents_v1/5 Enemy/PNG/idle-1.png" type="Texture" id=5]
[ext_resource path="res://Assets/Sprites/HeroandOpponents_v1/5 Enemy/PNG/attack-A4.png" type="Texture" id=6]
[ext_resource path="res://Assets/Sprites/HeroandOpponents_v1/5 Enemy/PNG/attack-A1.png" type="Texture" id=7]
[ext_resource path="res://Assets/Sprites/HeroandOpponents_v1/5 Enemy/PNG/attack-A5.png" type="Texture" id=8]
[ext_resource path="res://Assets/Sprites/HeroandOpponents_v1/5 Enemy/PNG/dead-1.png" type="Texture" id=9]
[ext_resource path="res://Assets/Sprites/HeroandOpponents_v1/5 Enemy/PNG/dead-2.png" type="Texture" id=10]
[ext_resource path="res://Assets/Sprites/HeroandOpponents_v1/5 Enemy/PNG/dead-4.png" type="Texture" id=11]
[ext_resource path="res://Assets/Sprites/HeroandOpponents_v1/5 Enemy/PNG/idle-2.png" type="Texture" id=12]
[ext_resource path="res://Assets/Sprites/HeroandOpponents_v1/5 Enemy/PNG/dead-3.png" type="Texture" id=13]
[ext_resource path="res://Assets/SFX/fire_bow_sound-mike-koenig.wav" type="AudioStream" id=14]



[sub_resource type="RectangleShape2D" id=1]
extents = Vector2( 13.236, 30.2968 )

[sub_resource type="SpriteFrames" id=2]
animations = [ {
"frames": [ ExtResource( 5 ), ExtResource( 12 ) ],
"loop": true,
"name": "idle",
"speed": 5.0
}, {
"frames": [ ExtResource( 9 ), ExtResource( 10 ), ExtResource( 13 ), ExtResource( 11 ) ],
"loop": false,
"name": "dead",
"speed": 10.0
}, {
"frames": [ ExtResource( 7 ), ExtResource( 4 ), ExtResource( 2 ), ExtResource( 6 ), ExtResource( 8 ), ExtResource( 3 ) ],
"loop": true,
"name": "attack",
"speed": 10.0
} ]

[sub_resource type="RectangleShape2D" id=3]
extents = Vector2( 13.228, 31.5835 )

[sub_resource type="RectangleShape2D" id=4]
extents = Vector2( 255.835, 9.9486 )

[node name="ArcherEnemy" type="KinematicBody2D" groups=[
"Enemy",
]]
scale = Vector2( 0.5, 0.5 )
script = ExtResource( 1 )

[node name="CollisionShape2D" type="CollisionShape2D" parent="."]
position = Vector2( -10, 20 )
shape = SubResource( 1 )

[node name="AnimatedSprite" type="AnimatedSprite" parent="."]
position = Vector2( -67.723, -46.0139 )
frames = SubResource( 2 )
animation = "idle"
centered = false

[node name="HitBox" type="Area2D" parent="." groups=[
"Enemy",
]]

[node name="CollisionShape2D" type="CollisionShape2D" parent="HitBox"]
position = Vector2( -9.52445, 20.6362 )
shape = SubResource( 3 )

[node name="FieldOfView" type="Area2D" parent="."]

[node name="CollisionShape2D" type="CollisionShape2D" parent="FieldOfView"]
position = Vector2( 260.818, 9932.86 )
scale = Vector2( 1, 1000 )
shape = SubResource( 4 )

[node name="arrowRelease" type="AudioStreamPlayer2D" parent="."]
stream = ExtResource( 14 )

[node name="flipPoint" type="RayCast2D" parent="."]
position = Vector2( -28.6378, 19.4454 )
rotation = 1.5708
scale = Vector2( 0.1, 0.1 )
enabled = true
[connection signal="animation_finished" from="AnimatedSprite" to="." method="_on_AnimatedSprite_animation_finished"]
[connection signal="frame_changed" from="AnimatedSprite" to="." method="_on_AnimatedSprite_frame_changed"]
[connection signal="area_entered" from="HitBox" to="." method="_on_HitBox_area_entered"]
[connection signal="area_entered" from="FieldOfView" to="." method="_on_FieldOfView_area_entered"]
[connection signal="area_exited" from="FieldOfView" to="." method="_on_FieldOfView_area_exited"]
