[gd_scene load_steps=16 format=2]

[ext_resource path="res://Assets/Sprites/spritesheets/mage-2-122x110.png" type="Texture" id=1]
[ext_resource path="res://Assets/Sprites/spritesheets/tentacles-25x90.png" type="Texture" id=2]
[ext_resource path="res://Scripts/Boss.gd" type="Script" id=3]
[ext_resource path="res://Scripts/BossHealth.gd" type="Script" id=4]
[ext_resource path="res://Assets/Fonts/arcadeclassic/ARCADECLASSIC.TTF" type="DynamicFontData" id=5]
[ext_resource path="res://Assets/Sprites/OLD/VIDA_0 - C｢pia.png" type="Texture" id=6]
[ext_resource path="res://Assets/Sprites/OLD/VIDA_HIT.png" type="Texture" id=7]
[ext_resource path="res://Assets/SFX/15_monster_damage.wav" type="AudioStream" id=8]
[ext_resource path="res://Assets/SFX/Alien_Machine_Gun-Matt_Cutillo-2023875589.wav" type="AudioStream" id=9]
[ext_resource path="res://Assets/SFX/23_monster_down_2.wav" type="AudioStream" id=10]







[sub_resource type="RectangleShape2D" id=1]
extents = Vector2( 39.9096, 47.4617 )

[sub_resource type="Animation" id=2]
resource_name = "dead"
length = 2.5
tracks/0/type = "value"
tracks/0/path = NodePath("Sprite2:frame")
tracks/0/interp = 1
tracks/0/loop_wrap = true
tracks/0/imported = false
tracks/0/enabled = true
tracks/0/keys = {
"times": PoolRealArray( 0, 0.001, 0.1, 0.2, 0.3, 0.4, 0.5, 0.6, 0.7, 0.8, 0.9, 1, 1.1, 1.2, 1.3, 1.4, 1.5, 1.6 ),
"transitions": PoolRealArray( 1, 1, 1, 1, 1, 1, 1, 1, 1, 1, 1, 1, 1, 1, 1, 1, 1, 1 ),
"update": 1,
"values": [ 23, 23, 22, 21, 20, 19, 18, 17, 16, 15, 14, 13, 12, 11, 10, 9, 8, 7 ]
}
tracks/1/type = "value"
tracks/1/path = NodePath("Sprite2:visible")
tracks/1/interp = 1
tracks/1/loop_wrap = true
tracks/1/imported = false
tracks/1/enabled = true
tracks/1/keys = {
"times": PoolRealArray( 0 ),
"transitions": PoolRealArray( 1 ),
"update": 1,
"values": [ true ]
}
tracks/2/type = "value"
tracks/2/path = NodePath("Sprite:visible")
tracks/2/interp = 1
tracks/2/loop_wrap = true
tracks/2/imported = false
tracks/2/enabled = true
tracks/2/keys = {
"times": PoolRealArray( 0 ),
"transitions": PoolRealArray( 1 ),
"update": 1,
"values": [ false ]
}
tracks/3/type = "value"
tracks/3/path = NodePath("deadSound:playing")
tracks/3/interp = 1
tracks/3/loop_wrap = true
tracks/3/imported = false
tracks/3/enabled = true
tracks/3/keys = {
"times": PoolRealArray( -0.1 ),
"transitions": PoolRealArray( 1 ),
"update": 1,
"values": [ true ]
}

[sub_resource type="Animation" id=3]
length = 0.74
loop = true
tracks/0/type = "value"
tracks/0/path = NodePath("Sprite:frame")
tracks/0/interp = 1
tracks/0/loop_wrap = true
tracks/0/imported = false
tracks/0/enabled = true
tracks/0/keys = {
"times": PoolRealArray( 0, 0.1, 0.2, 0.3, 0.4, 0.5, 0.6, 0.7 ),
"transitions": PoolRealArray( 1, 1, 1, 1, 1, 1, 1, 1 ),
"update": 1,
"values": [ 0, 1, 2, 3, 4, 5, 6, 7 ]
}
tracks/1/type = "value"
tracks/1/path = NodePath("Sprite2:visible")
tracks/1/interp = 1
tracks/1/loop_wrap = true
tracks/1/imported = false
tracks/1/enabled = true
tracks/1/keys = {
"times": PoolRealArray( 0, 0.001 ),
"transitions": PoolRealArray( 1, 1 ),
"update": 1,
"values": [ false, false ]
}
tracks/2/type = "value"
tracks/2/path = NodePath("Sprite:visible")
tracks/2/interp = 1
tracks/2/loop_wrap = true
tracks/2/imported = false
tracks/2/enabled = true
tracks/2/keys = {
"times": PoolRealArray( 0 ),
"transitions": PoolRealArray( 1 ),
"update": 1,
"values": [ true ]
}

[sub_resource type="RectangleShape2D" id=4]
extents = Vector2( 47.153, 46.2807 )

[sub_resource type="DynamicFont" id=5]
size = 50
font_data = ExtResource( 5 )

[node name="Boss" type="KinematicBody2D" groups=[
"Enemy",
]]
script = ExtResource( 3 )
LeftEnd = Vector2( 115, 272 )
RightEnd = Vector2( 957, 272 )

[node name="Sprite" type="Sprite" parent="."]
visible = false
position = Vector2( 0.629944, 0 )
texture = ExtResource( 1 )
flip_h = true
vframes = 2
hframes = 4

[node name="CollisionShape2D" type="CollisionShape2D" parent="."]
position = Vector2( -4.40973, 0.629944 )
shape = SubResource( 1 )

[node name="AnimationPlayer" type="AnimationPlayer" parent="."]
anims/dead = SubResource( 2 )
anims/idle = SubResource( 3 )

[node name="AttackTimer" type="Timer" parent="." groups=[
"Boss",
]]
one_shot = true

[node name="Area2D" type="Area2D" parent="."]

[node name="CollisionShape2D" type="CollisionShape2D" parent="Area2D"]
position = Vector2( -4.33823, -0.33371 )
shape = SubResource( 4 )

[node name="Sprite2" type="Sprite" parent="."]
position = Vector2( 0.63, 0 )
texture = ExtResource( 2 )
vframes = 3
hframes = 8
frame = 22

[node name="Node2D" type="Node2D" parent="."]
scale = Vector2( 0.25, 0.2 )

[node name="TextureProgress" type="TextureProgress" parent="Node2D"]
margin_left = -194.186
margin_top = -314.289
margin_right = 183.814
margin_bottom = -274.289
max_value = 1000.0
texture_under = ExtResource( 6 )
texture_progress = ExtResource( 7 )
fill_mode = 1
script = ExtResource( 4 )
__meta__ = {
"_edit_use_anchors_": false
}

[node name="Label" type="Label" parent="Node2D"]
margin_left = -149.398
margin_top = -392.0
margin_right = 158.602
margin_bottom = -333.0
custom_fonts/font = SubResource( 5 )
text = "DarkBringer"
__meta__ = {
"_edit_use_anchors_": false
}

[node name="blasterAttack" type="AudioStreamPlayer2D" parent="."]
stream = ExtResource( 9 )

[node name="deadSound" type="AudioStreamPlayer2D" parent="."]
stream = ExtResource( 10 )

[node name="hurtSound" type="AudioStreamPlayer2D" parent="."]
stream = ExtResource( 8 )
[connection signal="animation_finished" from="AnimationPlayer" to="." method="_on_AnimationPlayer_animation_finished"]
[connection signal="animation_started" from="AnimationPlayer" to="." method="_on_AnimationPlayer_animation_started"]
[connection signal="timeout" from="AttackTimer" to="." method="_on_AttackTimer_timeout"]
[connection signal="area_entered" from="Area2D" to="." method="_on_Area2D_area_entered"]
